%% Created using Papers on Wed, 03 Feb 2016.
%% http://papersapp.com/papers/

@book{Whitham:2011kb,
author = {Whitham, G B},
title = {{Linear and Nonlinear Waves}},
publisher = {John Wiley {\&} Sons},
year = {2011}
}

@book{Parker:2012ii,
author = {Parker, Thomas S and Chua, Leon},
title = {{Practical Numerical Algorithms for Chaotic Systems}},
publisher = {Springer Science},
year = {2012}
}

@phdthesis{Geen:2015tg,
author = {Geen, Ruth},
title = {{The Effects of Latent Heat Release on the Climate of an Aquaplanet Model}},
year = {2015}
}

@article{vonParis:2010hr,
author = {von Paris, P and Gebauer, S and Godolt, M and Grenfell, J L and Hedelt, P and Kitzmann, D and Patzer, A B C and Rauer, H and Stracke, B},
title = {{The extrasolar planet Gliese 581d: a potentially habitable planet?}},
journal = {A{\&}A},
year = {2010}
}

@article{Kataria:2013jk,
author = {Kataria, T and Showman, A P and Lewis, N K and Fortney, J J and Marley, M S and Freedman, R S},
title = {{THREE-DIMENSIONAL ATMOSPHERIC CIRCULATION OF HOT JUPITERS ON HIGHLY ECCENTRIC ORBITS}},
journal = {ApJ},
year = {2013}
}

@article{Lambaerts:2011ct,
author = {Lambaerts, Julien and Lapeyre, Guillaume and Zeitlin, Vladimir},
title = {{Moist versus Dry Barotropic Instability in a Shallow-Water Model of the Atmosphere with Moist Convection}},
journal = {http://dx.doi.org/10.1175/2011JAS3540.1},
year = {2011}
}

@article{Showman:2010ca,
author = {Showman, Adam P},
title = {{Numerical Simulations of Forced Shallow-Water Turbulence: Effects of Moist Convection on the Large-Scale Circulation of Jupiter and Saturn}},
journal = {http://dx.doi.org/10.1175/JAS4007.1},
year = {2010}
}

@article{Wood:2010dz,
author = {Wood, Richard B and McIntyre, Michael E},
title = {{A General Theorem on Angular-Momentum Changes due to Potential Vorticity Mixing and on Potential-Energy Changes due to Buoyancy Mixing}},
journal = {J. Atmos. Sci.},
year = {2010}
}

@article{Bouchut:2009gq,
author = {Bouchut, Fran{\c c}ois and Lambaerts, Julien and Lapeyre, Guillaume and Zeitlin, Vladimir},
title = {{Fronts and nonlinear waves in a simplified shallow-water model of the atmosphere with moisture and convection}},
journal = {Phys. Fluids},
year = {2009}
}

@book{Peixoto:1992tr,
author = {Peixoto, Jos{\'e} Pinto and Oort, Abraham H},
title = {{Physics of Climate}},
publisher = {Amer Inst of Physics},
year = {1992}
}

@article{Vallis:2004bh,
author = {Vallis, Geoffrey K and Gerber, E P and Kushner, P J},
title = {{A mechanism and simple dynamical model of the North Atlantic Oscillation and annular modes}},
journal = {J. Atmos. Sci.},
year = {2004}
}

@article{Ronchi:1996hn,
author = {Ronchi, C and Iacono, R and Paolucci, P S},
title = {{The {\textquotedblleft}cubed sphere{\textquotedblright}: a new method for the solution of partial differential equations in spherical geometry}},
journal = {J. Comput. Phys.},
year = {1996}
}

@article{Maltrud:1991cs,
author = {Maltrud, M E and Vallis, Geoffrey K},
title = {{Energy spectra and coherent structures in forced two-dimensional and beta-plane turbulence}},
journal = {J. Fluid Mech.},
year = {1991}
}

@phdthesis{Tompson:2015tk,
author = {Tompson, Stephen},
title = {{A new model of Jupiter{\textquoteright}s jet streams and the effects of moist convection}},
year = {2015}
}

@article{Scott:2012jm,
author = {Scott, Richard K and Dritschel, David G},
title = {{The structure of zonal jets in geostrophic turbulence}},
journal = {J. Fluid Mech.},
year = {2012}
}

@article{Harris:2010bc,
author = {Harris, Lucas M and Durran, Dale R},
title = {{An Idealized Comparison of One-Way and Two-Way Grid Nesting}},
journal = {Mon. Wea. Rev.},
year = {2010}
}

@article{Jucker:2013fk,
author = {Jucker, M and Fueglistaler, S and Vallis, Geoffrey K},
title = {{Maintenance of the Stratospheric Structure in an Idealized General Circulation Model}},
journal = {J. Atmos. Sci.},
year = {2013}
}

@article{Chang:2006gu,
author = {Chang, EKM},
title = {{An idealized nonlinear model of the Northern Hemisphere winter storm tracks}},
journal = {J. Atmos. Sci.},
year = {2006}
}

@article{Peixoto:1974hf,
author = {Peix{\'o}to, Jos{\'e} P and Oort, Abraham H},
title = {{The annual distribution of atmospheric energy on a planetary scale}},
journal = {J. Geophys. Res.},
year = {1974}
}

@article{Tailleux:2013jn,
author = {Tailleux, R{\'e}mi},
title = {{Available Potential Energy and Exergy in Stratified Fluids}},
journal = {Annu. Rev. Fluid Mech.},
year = {2013}
}

@article{Li:2007gj,
author = {Li, Liming and Ingersoll, Andrew P and Jiang, Xun and Feldman, Daniel and Yung, Yuk L},
title = {{Lorenz energy cycle of the global atmosphere based on reanalysis datasets}},
journal = {Geophy Res Lett},
year = {2007}
}

@proceedings{DynamicsofTerrestr:2012vh,
title = {{Dynamics of Terrestrial Atmospheres}},
year = {2012}
}

@article{Polvani:1994hy,
author = {Polvani, L M and McWilliams, J C and Spall, M A and Ford, R},
title = {{The coherent structures of shallow-water turbulence: Deformation-radius effects, cyclone/anticyclone asymmetry and gravity-wave generation}},
journal = {Chaos},
year = {1994}
}

@article{Arakawa:1981bx,
author = {Arakawa, Akio and Lamb, Vivian R},
title = {{A Potential Enstrophy and Energy Conserving Scheme for the Shallow-Water Equations}},
journal = {Mon. Wea. Rev.},
year = {1981}
}

@booklet{Swarztrauber:2004wy,
title = {{Computing on the Sphere Tutorials}}
}

@article{Lee:2009kv,
author = {Lee, Jung Eun and Pierrehumbert, Raymond and Swann, Abigail and Lintner, Benjamin R},
title = {{Sensitivity of stable water isotopic values to convective parameterization schemes}},
journal = {Geophy Res Lett},
year = {2009}
}

@article{Fraedrich:2005fd,
author = {Fraedrich, Klaus and Jansen, Heiko and Kirk, Edilbert and Luksch, Ute and Lunkeit, Frank},
title = {{The Planet Simulator: Towards a user friendly model}},
journal = {Meteorol. Z},
year = {2005}
}

@article{Ricchiazzi:1998ej,
author = {Ricchiazzi, P and Yang, S and Gautier, C},
title = {{SBDART: A research and teaching software tool for plane-parallel radiative transfer in the Earth's atmosphere}},
journal = {B. Am. Meteorol. Soc.},
year = {1998}
}

@book{Polvani:ez,
author = {Polvani, L M and Sobel, A H and Waugh, D W},
editor = {Polvani, L M and Sobel, A H and Waugh, D W},
title = {{The Stratosphere: Dynamics, Transport, and Chemistry}},
publisher = {American Geophysical Union}
}

@incollection{Plumb:2010fv,
author = {Plumb, R Alan},
title = {{Planetary waves and the extratropical winter stratosphere}},
booktitle = {The Stratosphere: Dynamics, Transport, and Chemistry},
year = {2010}
}

@incollection{Fu:2006wp,
author = {Fu, Qiang},
title = {{Radiative Transfer}},
booktitle = {Atmospheric Science},
year = {2006}
}

@book{Wallace:2006wa,
author = {Wallace, John M and Hobbs, Peter V},
title = {{Atmospheric Science}},
publisher = {Academic Press},
year = {2006}
}

@article{Gierasch:1970hb,
author = {Gierasch, P and Goody, R and Stone, P},
title = {{The energy balance of planetary atmospheres}},
journal = {Geophys. Astro. Fluid},
year = {1970}
}

@article{Potter:2014dn,
author = {Potter, S F and Vallis, Geoffrey K and Mitchell, J L},
title = {{Spontaneous superrotation and the role of Kelvin waves in an idealized dry GCM}},
journal = {J. Atmos. Sci.},
year = {2014}
}

@article{Mitchell:2013tk,
author = {Mitchell, J and Vallis, Geoffrey K and Potter, S},
title = {{From Earth to Titan in just two (+1) parameters}},
journal = {AGU Fall Meeting Abstracts},
year = {2013}
}

@book{Lide:2006wy,
author = {Lide, David R},
title = {{CRC Handbook of Chemistry and Physics, 87th Edition}},
publisher = {CRC Press},
year = {2006}
}

@book{Andrews:2010ul,
author = {Andrews, David G},
title = {{An Introduction to Atmospheric Physics, Second Edition}},
year = {2010}
}

@book{Salby:2011tl,
author = {Salby, Murry L},
title = {{Physics of the Atmosphere and Climate}},
year = {2011}
}

@article{Pinty:2006hj,
author = {Pinty, B and Lavergne, T and Dickinson, R E and Widlowski, J L and Gobron, N and Verstraete, M M},
title = {{Simplifying the interaction of land surfaces with radiation for relating remote sensing products to climate models}},
journal = {J. Geophys. Res.},
year = {2006}
}

@article{Meador:1980gm,
author = {Meador, W E and Weaver, W R},
title = {{Two-stream approximations to radiative transfer in planetary atmospheres: A unified description of existing methods and a new improvement}},
journal = {J. Atmos. Sci.},
year = {1980}
}

@article{Mitchell:2014cx,
author = {Mitchell, Jonathan L and Vallis, Geoffrey K and Potter, Samuel F},
title = {{Effects of the seasonal cycle on superrotation in planetary atmospheres}},
journal = {ApJ},
year = {2014}
}

@article{Mlawer:1997hv,
author = {Mlawer, E J and Taubman, S J and Brown, P D and Iacono, M J and Clough, S A},
title = {{Radiative transfer for inhomogeneous atmospheres: RRTM, a validated correlated-k model for the longwave}},
journal = {J. Geophys. Res. Atmos.},
year = {1997}
}

@article{Fu:1992kq,
author = {Fu, Q and Liou, K N},
title = {{On the correlated k-distribution method for radiative transfer in nonhomogeneous atmospheres}},
journal = {J. Atmos. Sci.},
year = {1992}
}

@article{Lacis:1991uo,
author = {Lacis, A A and Oinas, V},
title = {{A description of the correlated k distribution method for modeling nongray gaseous absorption, thermal emission, and multiple scattering in vertically {\ldots}}},
journal = {J. Geophys. Res.},
year = {1991}
}

@article{Leconte:2013ie,
author = {Leconte, J{\'e}r{\'e}my and Forget, Francois and Charnay, Benjamin and Wordsworth, Robin and Pottier, Aliz{\'e}e},
title = {{Increased insolation threshold for runaway greenhouse processes on Earth-like planets}},
journal = {Nature},
year = {2013}
}

@article{Pedlosky:1962ib,
author = {Pedlosky, Joseph},
title = {{Spectral considerations in two-dimensional incompressible flow}},
journal = {Tellus},
year = {1962}
}

@article{Leconte:2013gv,
author = {Leconte, J and Forget, F and Charnay, B and Wordsworth, R and Selsis, F and Millour, E and Spiga, A},
title = {{3D climate modeling of close-in land planets: Circulation patterns, climate moist bistability, and habitability}},
journal = {A{\&}A},
year = {2013}
}

@article{Merlis:2010bl,
author = {Merlis, Timothy M and Schneider, Tapio},
title = {{Atmospheric dynamics of Earth-like tidally locked aquaplanets}},
journal = {J. Adv. Model. Earth Syst.},
year = {2010}
}

@article{Held:1994ek,
author = {Held, Isaac M and Suarez, Max J},
title = {{A Proposal for the Intercomparison of the Dynamical Cores of Atmospheric General Circulation Models}},
journal = {B. Am. Meteorol. Soc.},
year = {1994}
}

@article{Frierson:2007bg,
author = {Frierson, DMW and Held, I M},
title = {{A gray-radiation aquaplanet moist GCM. Part II: Energy transports in altered climates}},
journal = {J. Atmos. Sci.},
year = {2007}
}

@article{Frierson:2006eo,
author = {Frierson, DMW and Held, I M},
title = {{A gray-radiation aquaplanet moist GCM. Part I: Static stability and eddy scale}},
journal = {J. Atmos. Sci.},
year = {2006}
}

@article{Marcq:2012jt,
author = {Marcq, E},
title = {{A simple 1-D radiative-convective atmospheric model designed for integration into coupled models of magma ocean planets}},
journal = {J. Geophys. Res.},
year = {2012}
}

@article{Kasting:1988gd,
author = {Kasting, J F},
title = {{Runaway and moist greenhouse atmospheres and the evolution of Earth and Venus}},
journal = {Icarus},
year = {1988}
}

@article{Kopparapu:2013fu,
author = {Kopparapu, Ravi Kumar and Ramirez, Ramses and Kasting, James F and Eymet, Vincent and Robinson, Tyler D and Mahadevan, Suvrath and Terrien, Ryan C and Domagal-Goldman, Shawn and Meadows, Victoria and Deshpande, Rohit},
title = {{Habitable zones around main-sequence stars: new estimates}},
journal = {ApJ},
year = {2013}
}

@article{Kopparapu:2013fi,
author = {Kopparapu, Ravi Kumar and Ramirez, Ramses and Kasting, James F and Eymet, Vincent and Robinson, Tyler D and Mahadevan, Suvrath and Terrien, Ryan C and Domagal-Goldman, Shawn and Meadows, Victoria and Deshpande, Rohit},
title = {{Erratum: Habitable zones around main-sequence stars: new estimates}},
journal = {ApJ},
year = {2013}
}

@booklet{Held:2000uy,
title = {{The General Circulation of the Atmosphere}}
}

@article{Schneider:2006iq,
author = {Schneider, T},
title = {{The general circulation of the atmosphere}},
journal = {Annu. Rev. Earth. Planet. Sci.},
year = {2006}
}

@article{Kasting:2015vu,
author = {Kasting, J F and Chen, H and Kopparapu, R K},
title = {{Stratospheric Temperatures and Water Loss from Moist Greenhouse Atmospheres of Earth-like Planets}},
journal = {ApJ},
year = {2015}
}

@book{Collins:2006vz,
author = {Collins, George W},
title = {{The Foundations Of Celestial Mechanics}},
year = {2006}
}

@article{Betts:1986wo,
author = {Betts, A K},
title = {{A new convective adjustment scheme. Part I: Observational and theoretical basis}},
journal = {Q. J. R. Meteorol. Soc.},
year = {1986}
}

@article{Sun:2015gm,
author = {Sun, L and Deser, C and Tomas, R A},
title = {{Mechanisms of Stratospheric and Tropospheric Circulation Response to Projected Arctic Sea Ice Loss}},
journal = {J. Climate},
year = {2015}
}

@book{Smart:1977wu,
author = {Smart, William Marshall and Green, R M},
title = {{Textbook on Spherical Astronomy}},
publisher = {Cambridge University Press},
year = {1977}
}

@article{Mcwilliams:1984hu,
author = {Mcwilliams, James C},
title = {{The emergence of isolated coherent vortices in turbulent flow}},
journal = {J. Fluid Mech.},
year = {1984}
}

@book{Lomax:2013uc,
author = {Lomax, H and Pulliam, Thomas H and Zingg, David W},
title = {{Fundamentals of Computational Fluid Dynamics}},
publisher = {Springer Science {\&} Business Media},
year = {2013}
}

@article{Bernie:2007eo,
author = {Bernie, D J and Guilyardi, E and Madec, G and Slingo, J M and Woolnough, S J},
title = {{Impact of resolving the diurnal cycle in an ocean{\textendash}atmosphere GCM. Part 1: a diurnally forced OGCM}},
journal = {Clim. Dyn.},
year = {2007}
}

@book{Enns:2006ui,
author = {Enns, Richard H},
title = {{Computer Algebra Recipes for Mathematical Physics}},
publisher = {Springer Science {\&} Business Media},
year = {2006}
}

@book{Blazek:2005vs,
author = {Blazek, Jiri},
title = {{Computational Fluid Dynamics: Principles and Applications}},
publisher = {Elsevier},
year = {2005}
}

@book{Bracewell:2000ua,
author = {Bracewell, Ronald Newbold},
title = {{The Fourier Transform and Its Applications}},
publisher = {McGraw-Hill Publishing Company},
year = {2000}
}

@article{Ishiwatari:2007tb,
author = {Ishiwatari, M and Nakajima, K and Takehiro, S and Hayashi, Y Y},
title = {{Dependence of climate states of gray atmosphere on solar constant: From the runaway greenhouse to the snowball states}},
journal = {J. Geophys. Res. Atmos.},
year = {2007}
}

@article{Ishiwatari:2002vc,
author = {Ishiwatari, M and Takehiro, S and Nakajima, K},
title = {{A numerical study on appearance of the runaway greenhouse state of a three-dimensional gray atmosphere}},
journal = {B. Am. Meteorol. Soc.},
year = {2002}
}

@article{Kaspi:2015gu,
author = {Kaspi, Y and Showman, A P},
title = {{Atmospheric dynamics of terrestrial exoplanets over a wide range of orbital and atmospheric parameters}},
journal = {ApJ},
year = {2015}
}

@article{Held:1999vw,
author = {Held, I M},
title = {{Equatorial superrotation in Earth-like atmospheric models}},
journal = {Bernhard Haurwitz Memorial Lecture},
year = {1999}
}

@article{Schneider:2010iv,
author = {Schneider, T and O'Gorman, P A},
title = {{Water vapor and the dynamics of climate changes}},
journal = {Rev. Geophys.},
year = {2010}
}

@article{Messori:2013ho,
author = {Messori, G and Czaja, A},
title = {{On the sporadic nature of meridional heat transport by transient eddies}},
journal = {Q. J. R. Meteorol. Soc.},
year = {2013}
}

@article{Messori:2015ek,
author = {Messori, G and Czaja, A},
title = {{On local and zonal pulses of atmospheric heat transport in reanalysis data}},
journal = {Q. J. R. Meteorol. Soc.},
year = {2015}
}

@booklet{Trefethen:1996tr,
title = {{Finite Difference and Spectral Methods for Ordinary and Partial Differential Equations}}
}

@book{Boyd:2001wu,
author = {Boyd, John P},
title = {{Chebyshev and Fourier spectral methods}},
publisher = {Dover Publications, Inc., Mineola, NY},
year = {2001}
}

@booklet{Barros:2014ul,
title = {{M{\'e}todos Espectrais para Modelos Meteorol{\'o}gicos - Uma Introdu{\c c}{\~a}o}}
}

@book{Trefethen:2000jp,
author = {Trefethen, Lloyd N},
title = {{Spectral methods in MATLAB}},
publisher = {Society for Industrial and Applied Mathematics (SIAM), Philadelphia, PA},
year = {2000}
}

@article{Swarztrauber:1996tp,
author = {Swarztrauber, P N},
title = {{Spectral transform methods for solving the shallow-water equations on the sphere}},
journal = {Mon. Wea. Rev.},
year = {1996}
}

@article{Temperton:1991dl,
author = {Temperton, C},
title = {{On scalar and vector transform methods for global spectral models}},
journal = {Mon. Wea. Rev.},
year = {1991}
}

@phdthesis{Penn:2015ve,
author = {Penn, James W},
title = {{Convectively-Coupled Waves in a Shallow-Water Model}},
year = {2015}
}

@phdthesis{Frierson:2015ts,
author = {Frierson, Dargan M W},
title = {{Studies of the General Circulation of the Atmosphere with a Simplified Moist General Circulation Model}},
year = {2005}
}

@article{Yasunari:1979wm,
author = {Yasunari, T},
title = {{Cloudiness fluctuations associated with the Northern Hemisphere summer monsoon}},
journal = {J Meteor Soc Japan},
year = {1979}
}

@article{Charney:1964hu,
author = {Charney, J G and Eliassen, A},
title = {{On the growth of the hurricane depression}},
journal = {J. Atmos. Sci.},
year = {1964}
}

@article{Raymond:2001hy,
author = {Raymond, David J},
title = {{A New Model of the Madden{\textendash}Julian Oscillation}},
journal = {J. Atmos. Sci.},
year = {2001}
}

@book{Kreyszig:2010ua,
author = {Kreyszig, Erwin},
title = {{Advanced Engineering Mathematics}},
publisher = {John Wiley {\&} Sons},
year = {2010}
}

@book{Vallis:2015wb,
author = {Vallis, Geoffrey K},
title = {{Atmospheric and Oceanic Fluid Dynamics}},
publisher = {Cambridge University Press},
year = {2015}
}

@book{Gill:1982hn,
author = {Gill, Adrian E},
title = {{Atmosphere-Ocean Dynamics}},
publisher = {Academic Press},
year = {1982}
}

@article{Grabowski:2004ej,
author = {Grabowski, W W and Moncrieff, M W},
title = {{Moisture{\textendash}convection feedback in the tropics}},
journal = {Q. J. R. Meteorol. Soc.},
year = {2004}
}

@book{Holton:2004wn,
author = {Holton, James R and Hakim, Gregory J},
title = {{An Introduction to Dynamic Meteorology}},
publisher = {Elsevier Academic Press},
year = {2004}
}

@webpage{Weisstein:uh,
author = {Weisstein, Eric W},
title = {{Hermite Differential Equation}}
}

@book{Tennenbaum:1985eg,
author = {Tennenbaum, M and Pollard, H},
title = {{Ordinary Differential Equations}},
publisher = {Dover Publications, New York},
year = {1985}
}

@book{Buhler:2014wh,
author = {B{\"u}hler, Oliver},
title = {{Waves and Mean Flows}},
publisher = {Cambridge University Press},
year = {2014}
}

@webpage{Geerts:1998tg,
author = {Geerts, B and Wheeler, M},
title = {{The Madden-Julian Oscillation}},
year = {1998}
}

@book{Barry:2010vj,
author = {Barry, Roger Graham and Chorley, Richard J},
title = {{Atmosphere, Weather, and Climate}},
publisher = {Taylor {\&} Francis},
year = {2010}
}

@article{Hendon:2007ha,
author = {Hendon, H H and Wheeler, M C},
title = {{Seasonal dependence of the MJO-ENSO relationship}},
journal = {J. Climate},
year = {2007}
}

@article{Holloway:2015up,
author = {Holloway, Christopher E and Woolnough, Steven J and Lister, Grenville M S},
title = {{The effects of explicit versus parameterized convection on the MJO in a large-domain high-resolution tropical case study. Part II: Processes leading to differences in MJO development}},
year = {2015}
}

@article{Kiladis:2010fm,
author = {Kiladis, G N and Straub, K H},
title = {{Zonal and vertical structure of the Madden-Julian oscillation}},
journal = {J. Atmos. Sci.},
year = {2005}
}

@article{Hendon:2010fw,
author = {Hendon, H H and Salby, M L},
title = {{The life cycle of the Madden-Julian oscillation}},
journal = {J. Atmos. Sci.},
year = {1994}
}

@article{Singh:2009iv,
author = {Singh, S V and Kripalani, R H and Sikka, D R},
title = {{Interannual variability of the Madden-Julian oscillations in Indian summer monsoon rainfall}},
journal = {J. Climate},
year = {1992}
}

@article{Waliser:2003es,
author = {Waliser, D E and Lau, K M and Stern, W and Jones, C},
title = {{Potential Predictability of the Madden{\textendash}Julian Oscillation}},
journal = {B. Am. Meteorol. Soc.},
year = {2003}
}

@article{Rew:1990ir,
author = {Rew, Russ and Davis, Glenn},
title = {{NetCDF: an interface for scientific data access}},
journal = {IEEE Comput. Graph.},
year = {1990}
}

@article{Thuburn:2004jf,
author = {Thuburn, J and Staniforth, A},
title = {{Conservation and linear Rossby-mode dispersion on the spherical C grid}},
journal = {Mon. Wea. Rev.},
year = {2004}
}

@article{Sobel:2012ej,
author = {Sobel, A H and Kim, D},
title = {{The MJO-Kelvin wave transition}},
journal = {Geophy Res Lett},
year = {2012}
}

@article{Sobel:2000ij,
author = {Sobel, Adam H and Maloney, Eric D},
title = {{Effect of ENSO and the MJO on western North Pacific tropical cyclones}},
journal = {Geophy Res Lett},
year = {2000}
}

@book{North:2014un,
author = {North, Gerald R and Pyle, John A and Zhang, Fuqing},
title = {{Encyclopedia of Atmospheric Sciences}},
publisher = {Elsevier},
year = {2014}
}

@article{Harris:1978ck,
author = {Harris, Fredric J},
title = {{On the use of windows for harmonic analysis with the discrete Fourier transform}},
journal = {P. IEEE},
year = {1978}
}

@article{Kay:1981ky,
author = {Kay, Steven M and Marple, Stanley Lawrence Jr},
title = {{Spectrum analysis - A modern perspective}},
journal = {P. IEEE},
year = {1981}
}

@article{Grabowski:2003bi,
author = {Grabowski, W W},
title = {{MJO-like coherent structures: Sensitivity simulations using the cloud-resolving convection parameterization (CRCP)}},
journal = {J. Atmos. Sci.},
year = {2003}
}

@article{Grabowski:2001fp,
author = {Grabowski, Wojciech W and Moncrieff, Mitchell W},
title = {{Large-scale organization of tropical convection in two-dimensional explicit numerical simulations}},
journal = {Q. J. R. Meteorol. Soc.},
year = {2001}
}

@article{Wang:1990fh,
author = {Wang, B and Rui, H},
title = {{Dynamics of the coupled moist Kelvin-Rossby wave on an equatorial $\beta$-plane}},
journal = {J. Atmos. Sci.},
year = {1990}
}

@article{Shinoda:2008ff,
author = {Shinoda, Toshiaki and Roundy, Paul E and Kiladis, George N},
title = {{Variability of Intraseasonal Kelvin Waves in the Equatorial Pacific Ocean}},
journal = {J. Phys. Oceanogr.},
year = {2008}
}

@book{Vallis:2006wb,
author = {Vallis, Geoffrey K},
title = {{Atmospheric and Oceanic Fluid Dynamics}},
publisher = {Cambridge University Press},
year = {2006}
}

@article{Hayashi:1993bs,
author = {Hayashi, Y and Golder, D G},
title = {{Tropical 40{\textendash}50- and 25{\textendash}30-Day Oscillations Appearing in Realistic and Idealized GFDL Climate Models and the ECMWF Dataset}},
journal = {J. Atmos. Sci.},
year = {1993}
}

@article{MATTHEWS:2000gl,
author = {Matthews, A J},
title = {{Propagation mechanisms for the Madden-Julian oscillation}},
journal = {Q. J. R. Meteorol. Soc.},
year = {2000}
}

@article{Wheeler:2009hj,
author = {Wheeler, M C and Hendon, H H and Cleland, S},
title = {{Impacts of the Madden-Julian oscillation on Australian rainfall and circulation}},
journal = {J. Climate},
year = {2009}
}

@article{Maloney:2000ci,
author = {Maloney, E D and Hartmann, D L},
title = {{Modulation of eastern North Pacific hurricanes by the Madden-Julian oscillation}},
journal = {J. Climate},
year = {2000}
}

@article{Dellar:2011fo,
author = {Dellar, Paul J},
title = {{Variations on a beta-plane: derivation of non-traditional beta-plane equations from Hamilton's principle on a sphere}},
journal = {J. Fluid Mech.},
year = {2011}
}

@article{Madden:1972ed,
author = {Madden, Roland A and Julian, Paul R},
title = {{Description of Global-Scale Circulation Cells in the Tropics with a 40{\textendash}50 Day Period}},
journal = {J. Atmos. Sci.},
year = {1972}
}

@article{Wheeler:1999wj,
author = {Wheeler, M and Kiladis, G N},
title = {{Convectively coupled equatorial waves: Analysis of clouds and temperature in the wavenumber-frequency domain}},
journal = {J. Atmos. Sci.},
year = {1999}
}

@article{Zhang:2005bn,
author = {Zhang, Chidong},
title = {{Madden-Julian Oscillation}},
journal = {Rev. Geophys.},
year = {2005}
}

@article{Kiladis:2009bq,
author = {Kiladis, George N and Wheeler, Matthew C and Haertel, Patrick T and Straub, Katherine H and Roundy, Paul E},
title = {{Convectively coupled equatorial waves}},
journal = {Rev. Geophys.},
year = {2009}
}

@article{Mawson:1996dp,
author = {Mawson, Mark H},
title = {{A shallow-water semi-geostrophic model on a sphere}},
journal = {Q. J. R. Meteorol. Soc.},
year = {1996}
}

@booklet{Anonymous:QqhRZ0Cd,
title = {{Gung-Ho Dynamics:Forced dissipative test cases:A comparison of a FEM shallow water model on hexagonal and cubed sphere grids with ENDGame}}
}

@article{Wursch:2014jja,
author = {W{\"u}rsch, M and Craig, G C},
title = {{A simple dynamical model of cumulus convection for data assimilation research}},
journal = {Meteorol. Z},
year = {2014}
}

@article{Wood:2013kz,
author = {Wood, Nigel and Staniforth, Andrew and White, Andy and Allen, Thomas and Diamantakis, Michail and Gross, Markus and Melvin, Thomas and Smith, Chris and Vosper, Simon and Zerroukat, Mohamed and Thuburn, John},
title = {{An inherently mass-conserving semi-implicit semi-Lagrangian discretization of the deep-atmosphere global non-hydrostatic equations}},
journal = {Q. J. R. Meteorol. Soc.},
year = {2013}
}

@article{Yang:2013ji,
author = {Yang, Da and Ingersoll, Andrew P},
title = {{Triggered Convection, Gravity Waves, and the MJO: A Shallow-Water Model}},
journal = {J. Atmos. Sci.},
year = {2013}
}

@book{Moore:2012wk,
author = {Moore, Thomas Andrew},
title = {{A General Relativity Workbook}},
publisher = {Univ Science Books},
year = {2012}
}

@booklet{Carroll:2013tq,
title = {{Spacetime and Geometry}}
}

@booklet{Dullemond:1991tt,
title = {{Introduction to Tensor Calculus}}
}

@book{Jost:2011bp,
author = {Jost, J{\"u}rgen},
title = {{Riemannian Geometry and Geometric Analysis}},
publisher = {Springer Science {\&} Business Media},
year = {2011}
}

@book{Matthews:1998va,
author = {Matthews, Paul C},
title = {{Vector Calculus}},
publisher = {Springer Science {\&} Business Media},
year = {1998}
}

@book{Kusse:2010hc,
author = {Kusse, Bruce R and Westwig, Erik A},
editor = {Kusse, Bruce R and Westwig, Erik A},
title = {{Mathematical Physics}},
publisher = {John Wiley {\&} Sons},
year = {2010}
}

@book{Durran:2010hy,
author = {Durran, Dale R},
title = {{Numerical Methods for Fluid Dynamics}},
publisher = {Springer Science {\&} Business Media},
year = {2010}
}

@book{Schutz:fgr,
author = {Schutz, Bernard},
title = {{A First Course in General Relativity}},
publisher = {Cambridge University Press},
year = {2009}
}

@article{Williams:2011eaa,
author = {Williams, Paul D},
title = {{The RAW Filter: An Improvement to the Robert{\textendash}Asselin Filter in Semi-Implicit Integrations}},
journal = {Mon. Wea. Rev.},
year = {2011}
}

@booklet{Anonymous:kpcStmLD,
title = {{Multidimensional Positive Definite Advection Transport Algorithm (MPDATA): An Overview}}
}

@article{Smolarkiewicz:1986hs,
author = {Smolarkiewicz, P K and Clark, T L},
title = {{The multidimensional positive definite advection transport algorithm: further development and applications}},
journal = {J. Comput. Phys.},
year = {1986}
}

@article{Crank:1947ht,
author = {Crank, J and Nicolson, P},
title = {{A practical method for numerical evaluation of solutions of partial differential equations of the heat-conduction type}},
journal = {Math. Proc. Cambridge},
year = {1947}
}

@webpage{Anonymous:iBokgMWQ,
title = {{\textbf{ENDGame: A new dynamical core for seamless atmospheric prediction }}}
}

@article{Zerroukat:2009ka,
author = {Zerroukat, M and Wood, N and Staniforth, A and White, A A and Thuburn, J},
title = {{An inherently mass-conserving semi-implicit semi-Lagrangian discretisation of the shallow-water equations on the sphere}},
journal = {Q. J. R. Meteorol. Soc.},
year = {2009}
}

@booklet{Gowers:2010uta,
title = {{The Princeton Companion to Mathematics}}
}
